@STRING{ CJCHE = "The Canadian Journal of Chemical Engineering"}
@STRING{ CCHE = "Computers and Chemical Engineering"}
@STRING{ CILS = "Chemometrics and Intelligent Laboratory Systems"}
@STRING{ JChem = "Journal of Chemometrics"}
@STRING{ CHES = "Chemical Engineering Science"}
@STRING{ IECR = "Industrial and Engineering Chemistry Research"}
@STRING{ IECF = "Industrial and Engineering Chemistry Fundamentals"}
@STRING{ IECPDD = "Industrial and Engineering Chemistry Process Design and Development"}
@STRING{ AICHE = "AIChE Journal"}
@STRING{ TAC = "IEEE Transactions on Automatic Control"}
@STRING{ CAS = "IEEE Transactions on Circuits and Systems"}
@STRING{ CST = "IEEE Transactions on Control Systems Technology"}
@STRING{ JPC = "Journal of Process Control"}
@STRING{ CERD = "Chemical Engineering Research and Design"}
@STRING{ IJC = "International Journal of Control"}
@STRING{ JOTA = "Journal of Optimization Theory and Applications"}
@STRING{ OCAM = "Optimal Control Applications and Methods"}
@STRING{ IJRNC = "International Journal of Robust and Nonlinear Control"}
@STRING{ JOM = "JOM"}
@STRING{ TMS = "The Minerals, Metals and Materials Society"}
@STRING{ EJOR = "European Journal of Operational Research"}


@article{ierpfa,
    author={M. G. Ierapetritou and C A. Floudas},
    title={{Effective Continuous-Time Formulation for Short-Term Scheduling. 1. Multipurpose Batch Processes}},
    journal= IECR,
    volume={37},
    year={1998},
    pages={4341--4359}
}

@article{ierpfb,
    author={M. G. Ierapetritou and C A. Floudas},
    title={{Effective Continuous-Time Formulation for Short-Term Scheduling. 2. Continuous and Semicontinuous Processes}},
    journal= IECR,
    volume={37},
    year={1998},
    pages={4360--4374}
}

@article{kondili,
    author={E. Kondili and C C. Pantelides and R W H. Sargent},
    title={{A General Algorithm for Short-Term Scheduling of Batch Operations I. MILP Formulation}},
    journal= CCHE,
    volume={17},
    year={1992},
    pages={211--227}
}

@article{shah,
    author={N. Shah and C C. Pantelides and R W H. Sargent},
    title={{A General Algorithm for Short-Term Scheduling of Batch Operations II. Computation Issues}},
    journal= CCHE,
    volume={17},
    year={1992},
    pages={229--244}
}

@article{FnL04,
    author={C A. Floudas and X. Lin},
    title={{Continuous-time versus discrete-time approaches for scheduling of chemical processes: A review}},
    journal= CCHE,
    volume={28},
    year={2004},
    pages={4341--4359}
}

@article{MendyNco06,
    author={C A. Mendez and J. Cerda and I. E. Grossmann and I. Harjunkoski and M. Fahl},
    title={{State-of-the-art review of optimization methods for short-term scheduling of batch process}},
    journal= CCHE,
    volume={30},
    year={2006},
    pages={913--946}
}

@article{Gman-adv,
    author={I. E. Grossmann},
    title={{Advances in mathematical programming models for enterprise-wide optimization}},
    journal= CCHE,
    volume={47},
    year={2012},
    pages={2--18}
}

@article{EWO,
    author={I. E. Grossmann},
    title={{Enterprise-wide optimization: A new frontier in process systems engineering}},
    journal= AICHE,
    volume={51},
    year={2005},
    pages={1846--1857}
}

@article{ShobW,
    author={D. E. Shobrys and D. C. White},
    title={{Planning, scheduling and control systems: why cannot they work together}},
    journal= CCHE,
    volume={26},
    year={2002},
    pages={149--160}
}

@book{turton,
    author={R. Turton and R. C. Bailie and W. B. Whiting and J. A. Shaeiwitz},
    title={{Analysis, Synthesis, and Design of Chemical Processes}},
    publisher={{Prentice Hall}},
    year={1998},
}
